34100000         206278504000154                    03240 000000019770 1MIRIAN DA APARECIDA MONZANI MEBANCO ITAU S.A.                         229052019030332000023040                                                                          
34100011T0100030 2006278504000154                    03240 000000019770 1MIRIAN DA APARECIDA MONZANI ME                                                                                000000232905201930052019                                 
3410001300001T 0203240000000001977001109002950182        0               30052019000000000001000000028615                         000000000000000000LUIS RICARDO VIEIRA                     000000000000000000000000000000000                   
3410001300002U 020000000000000000000000000000000000000000000000000000000000000000000000000000000000000000000000000000000000000000000000002905201900000000000000000000000000000000000                              00000000000000000000000       
3410001300003T 0203240000000001977001109029520554        0               30052019000000000001000000028615                         000000000000000000MIRIAN DA APARECIDA MONZANI             000000000000000000000000000000000                   
3410001300004U 020000000000000000000000000000000000000000000000000000000000000000000000000000000000000000000000000000000000000000000000002905201900000000000000000000000000000000000                              00000000000000000000000       
3410001300005T 0603240000000001977001109029520554        0               30052019000000000001000341093851                         000000000000000000MIRIAN DA APARECIDA MONZANI             000000000000000000000000000000000BL                 
3410001300006U 060000000000000000000000000000000000000000000000000000000000000000000000010000000000000010000000000000000000000000000000002905201930052019000000000000000000000000000                              00000000000000000000000       
3410001300007T 0203240000000001977001109030544551        0               30052019000000000001000000028615                         000000000000000000RODRIGO PUZZELLO NOVO                   000000000000000000000000000000000                   
3410001300008U 020000000000000000000000000000000000000000000000000000000000000000000000000000000000000000000000000000000000000000000000002905201900000000000000000000000000000000000                              00000000000000000000000       
34100015         00001000000200000000000002000000000000000000000000000000000000000000000000000000000000000000000000MT30/05S                                                                                                                     
34199999         000001000012                                                                                                                                                                                                                   
