34100000         206278504000154                    03240 000000019770 1MIRIAN DA APARECIDA MONZANI MEBANCO ITAU S.A.                         230052019034201000024040                                                                          
34100011T0100030 2006278504000154                    03240 000000019770 1MIRIAN DA APARECIDA MONZANI ME                                                                                000000243005201931052019                                 
3410001300001T 0203240000000001977001109003053556        0               31052019000000000001000000028615                         000000000000000000RODRIGO PUZZELLO NOVO                   000000000000000000000000000000000                   
3410001300002U 020000000000000000000000000000000000000000000000000000000000000000000000000000000000000000000000000000000000000000000000003005201900000000000000000000000000000000000                              00000000000000000000000       
3410001300003T 0203240000000001977001109030529214        0               31052019000000000001100000028615                         000000000000000000MIRIAN DA APARECIDA MONZANI             000000000000000000000000000000000                   
3410001300004U 020000000000000000000000000000000000000000000000000000000000000000000000000000000000000000000000000000000000000000000000003005201900000000000000000000000000000000000                              00000000000000000000000       
34100015         00000600000400000000000004100000000000000000000000000000000000000000000000000000000000000000000000MT31/05S                                                                                                                     
34199999         000001000008                                                                                                                                                                                                                   
