34100000         206278504000154                    03240 000000019770 1MIRIAN DA APARECIDA MONZANI MEBANCO ITAU S.A.                         231052019031308000025040                                                                          
34100011T0100030 2006278504000154                    03240 000000019770 1MIRIAN DA APARECIDA MONZANI ME                                                                                000000253105201903062019                                 
3410001300001T 0203240000000001977001109003155195        0               01062019000000000001200000028615                         000000000000000000MIRIAN DA APARECIDA MONZANI             000000000000000000000000000000000                   
3410001300002U 020000000000000000000000000000000000000000000000000000000000000000000000000000000000000000000000000000000000000000000000003105201900000000000000000000000000000000000                              00000000000000000000000       
3410001300003T 0203240000000001977001109003155708        0               01062019000000000001700000028615                         000000000000000000LUIS RICARDO VIEIRA                     000000000000000000000000000000000                   
3410001300004U 020000000000000000000000000000000000000000000000000000000000000000000000000000000000000000000000000000000000000000000000003105201900000000000000000000000000000000000                              00000000000000000000000       
3410001300005T 0603240000000001977001109030529214        0               31052019000000000001100341093851                         000000000000000000MIRIAN DA APARECIDA MONZANI             000000000000000000000000000000000BL                 
3410001300006U 060000000000000000000000000000000000000000000000000000000000000000000000011000000000000011000000000000000000000000000000003105201903062019000000000000000000000000000                              00000000000000000000000       
3410001300007T 0603240000000001977001109030544551        0               30052019000000000001000341093851                         000000000000000000RODRIGO PUZZELLO NOVO                   000000000000000000000000000000000BL                 
3410001300008U 060000000000000020000000000000000000000000000000000000000000000000000000010020000000000010020000000000000000000000000000003105201903062019000000000000000000000000000                              00000000000000000000000       
3410001300009T 0203240000000001977001109031533439        0               01062019000000000001000000028615                         000000000000000000ILMA LAURINDO                           000000000000000000000000000000000                   
3410001300010U 020000000000000000000000000000000000000000000000000000000000000000000000000000000000000000000000000000000000000000000000003105201900000000000000000000000000000000000                              00000000000000000000000       
3410001300011T 0203240000000001977001109031538511        0               01062019000000000001000000028615                         000000000000000000RODRIGO PUZZELLO NOVO                   000000000000000000000000000000000                   
3410001300012U 020000000000000000000000000000000000000000000000000000000000000000000000000000000000000000000000000000000000000000000000003105201900000000000000000000000000000000000                              00000000000000000000000       
3410001300013T 0203240000000001977001109031539428        0               01062019000000000035700000028615                         000000000000000000PATRICIA PUZZELLO NOVO MARTINS          000000000000000000000000000000000                   
3410001300014U 020000000000000000000000000000000000000000000000000000000000000000000000000000000000000000000000000000000000000000000000003105201900000000000000000000000000000000000                              00000000000000000000000       
34100015         00001600000700000000000042600000000000000000000000000000000000000000000000000000000000000000000000MT03/06S                                                                                                                     
34199999         000001000018                                                                                                                                                                                                                   
