34100000         206278504000154                    03240 000000019770 1PASSACHEQUE SUA GESTAO ELETRONBANCO ITAU SA                           11806201814350000000004000000                                                      000            
34100011R0100030 2006278504000154                    03240 000000019770 1PASSACHEQUE SUA GESTAO ELETRON                                                                                000000001806201819062018                                 
3410001300001P 0103240 000000019770 1110001869506        00000               1906201800000000000100000000001A18062018000000000000000000000000019062018000000000000000000000000000000000000000000000                         0000000000000000000 
3410001300002Q 011000031110611838Mirian da aparecida monzani             Av lacerda franco 1855 apt 113          cambuci        01536001saopaulo       sp1000031110611838MirianDaAparecidaMonzani                000                            
34100015         0000030000010000000000000100000000000000000000000000000000000000000000000000000000000000000000000000000000                                                                                                                     
34199999         000001000006000000                                                                                                                                                                                                             
