34100000         206278504000154                    03240 000000019770 1PASSACHEQUE SUA GESTAO ELETRONBANCO ITAU SA                           12106201814350000000004000000                                                      000            
34100011R0100030 2006278504000154                    03240 000000019770 1PASSACHEQUE SUA GESTAO ELETRON                                                                                000000002106201822062018                                 
3410001300001P 0103240 000000019770 1109021621202        00000               2206201800000000000100003240001A21062018000000000000000000000000022062018000000000000000000000000000000000000000000000                         0000000000000000000 
3410001300002Q 011006278504000154passacheque  passachmonzani             Av lacerda franco 1855 apt 113          cambuci        01536001saopaulo       sp1006278504000154MirianDaAparecidaMonzani                000                            
34100015         0000040000010000000000000100000000000000000000000000000000000000000000000000000000000000000000000000000000                                                                                                                     
34199999         000001000006000000                                                                                                                                                                                                             
