34100000         206278504000154                    03240 000000019770 1PASSACHEQUE SUA GESTAO ELETRONBANCO ITAU SA                           13105201914350000000004000000                                                      000            
34100011R0100030 2006278504000154                    03240 000000019770 1PASSACHEQUE SUA GESTAO ELETRON                                                                                000000003105201901062019                                 
3410001300001P 0103240 000000019770 1109003155708        00000               0106201900000000000170000000001A31052019000000000000000000000000001062019000000000000000000000000000000000000000000000                         0000000000000000000 
3410001300002Q 011000025688748800LUIS RICARDO VIEIRA                     AV LACERDA FRANCO 1855 APT 113          CAMBUCI        01536001SAOPAULO       SP1000025688748800LUIS RICARDO VIEIRA                     000                            
34100015         0000040000010000000000000100000000000000000000000000000000000000000000000000000000000000000000000000000000                                                                                                                     
34199999         000001000006000000                                                                                                                                                                                                             
