34100000         206278504000154                    03240 000000019770 1PASSACHEQUE SUA GESTAO ELETRONBANCO ITAU SA                           12506201814350000000004000000                                                      000            
34100011R0100030 2006278504000154                    03240 000000019770 1PASSACHEQUE SUA GESTAO ELETRON                                                                                000000002506201826062018                                 
3410001300001P 0103240 000000019770 1109002564694        00000               2606201800000000000100003240001A25062018000000000000000000000000026062018000000000000000000000000000000000000000000000                         0000000000000000000 
3410001300002Q 011000031110611838MIRIAN DA APARECIDA MONZANI             AV LACERDA FRANCO 1855 APT 113          CAMBUCI        01536001SAOPAULO       SP1000031110611838MIRIANDAAPARECIDAMONZANI                000                            
34100015         0000040000010000000000000100000000000000000000000000000000000000000000000000000000000000000000000000000000                                                                                                                     
34199999         000001000006000000                                                                                                                                                                                                             
