34100000         206278504000154                    03240 000000019770 1PASSACHEQUE SUA GESTAO ELETRONBANCO ITAU SA                           10112201814350000000004000000                                                      000            
34100011R0100030 2006278504000154                    03240 000000019770 1PASSACHEQUE SUA GESTAO ELETRON                                                                                000000000112201802122018                                 
3410001300001P 0103240 000000019770 1109011239171        00000               0212201800000000000100000000001A01122018000000000000000000000000002122018000000000000000000000000000000000000000000000                         0000000000000000000 
3410001300002Q 011000031559615893ALEXANDRE CADIMA LEAL                   AV LACERDA FRANCO 1855 APT 113          CAMBUCI        01536001SAOPAULO       SP1000031559615893ALEXANDRE CADIMA LEAL                   000                            
34100015         0000030000010000000000000100000000000000000000000000000000000000000000000000000000000000000000000000000000                                                                                                                     
34199999         000001000006000000                                                                                                                                                                                                             
