34100000         206278504000154                    03240 000000019770 1PASSACHEQUE SUA GESTAO ELETRONBANCO ITAU SA                           11406201914350000000004000000                                                      000            
34100011R0100030 2006278504000154                    03240 000000019770 1PASSACHEQUE SUA GESTAO ELETRON                                                                                000000001406201915062019                                 
3410001300001P 0103240 000000019770 1109000146163        00000               1506201900000000000130000000001A14062019000000000000000000000000015062019000000000000000000000000000000000000000000000                         0000000000000000000 
3410001300002Q 011000029260325870MARCIA APARECIDA MONZANI                AV ERNESTO IGEL   0307 APT 113          LAPA           01536001SAOPAULO       SP1000029260325870MARCIAAPARECIDAMONZANI                  000                            
34100015         0000040000010000000000000100000000000000000000000000000000000000000000000000000000000000000000000000000000                                                                                                                     
34199999         000001000006000000                                                                                                                                                                                                             
