34100000         206278504000154                    03240 000000019770 1PASSACHEQUE SUA GESTAO ELETRONBANCO ITAU SA                           12905201914350000000004000000                                                      000            
34100011R0100030 2006278504000154                    03240 000000019770 1PASSACHEQUE SUA GESTAO ELETRON                                                                                000000002905201930052019                                 
3410001300001P 0103240 000000019770 1109029515208        00000               3005201900000000000100000000001A29052019000000000000000000000000030052019000000000000000000000000000000000000000000000                         0000000000000000000 
3410001300002Q 011000028364605801RODRIGO PUZZELLO NOVO                   AV LACERDA FRANCO 1855 APT 113          CAMBUCI        01536001SAOPAULO       SP1000028364605801RODRIGO PUZZELLO NOVO                   000                            
3410001300003P 0103240 000000019770 1109029515208        00000               3005201900000000003570000000001A29052019000000000000000000000000030052019000000000000000000000000000000000000000000000                         0000000000000000000 
3410001300004Q 011000017828863896PATRICIA PUZZELLO NOVO MARTINS          AV LACERDA FRANCO 1855 APT 113          CAMBUCI        01536001SAOPAULO       SP1000017828863896PATRICIA PUZZELLO NOVO MARTINS          000                            
34100015         0000060000020000000000000100000000000000000000000000000000000000000000000000000000000000000000000000000000                                                                                                                     
34199999         000001000008000000                                                                                                                                                                                                             
